@article{Eisner1964,
  URL = {http://www.jstor.org/stable/1714686},
 author = {Thomas Eisner and Rosalind Alsop and George Ettershank},
 journal = {Science},
 number = {3647},
 pages = {1058--1061},
 publisher = {American Association for the Advancement of Science},
 title = {Adhesiveness of Spider Silk},
 volume = {146},
 year = {1964}
}


@article{vouchers,
author = {Turney, S. AND Cameron, E. R. AND Cloutier, C. A. AND Buddle, C. M.},
year = {2015},
title = {Non-repeatable science: assessing the frequency of voucher specimen deposition reveals that most arthropod research cannot be verified},
journal = {PeerJ},
volume = {3},
pages = {e1168},
doi = {10.7717/peerj.1168}
}

@misc{oath,
author = {Trietsch, C. AND Deans, A. R.},
year = {2017},
title = {Insect Collector's Code},
howpublished = {\url{https://scholarsphere.psu.edu/downloads/s1r66j3568}},
note = {Accessed 04 August 2017}
}

@misc{ENT532,
author = {{Open Entomology Project}},
year = {2021},
title = {Insect Biodiversity and Evolution},
howpublished = {\url{https://github.com/OpenEntomology/InsectBiodiversityEvolution}},
note = {Accessed 29 March 2021}
}

@article{baum2008phylogenics,
  title={Phylogenics \& tree-thinking},
  author={Baum, David A and Offner, Susan},
  journal={The American Biology Teacher},
  volume={70},
  number={4},
  pages={222--229},
  year={2008},
  doi={10.1662/0002-7685(2008)70[222:PT]2.0.CO;2}
}

@book{Darwin1859,
title = {On the origin of species by means of natural selection, or, The preservation of favoured races in the struggle for life},
volume = {1859},
note = {\url{http://dx.doi.org/10.5962/bhl.title.68064} --- Freeman, R.B. Charles Darwin (2nd ed.), | 373 --- Garrison-Morton: | 220},
publisher = {London: John Murray},
author = {Darwin, Charles},
year = {1859},
pages = {564}
}